<?xml version="1.0" encoding="UTF-8"?><collection xmlns="http://www.loc.gov/MARC21/slim"><record><leader>00311nam--2200121-i-4500</leader><controlfield tag="001">000005713</controlfield><controlfield tag="002">20161230</controlfield><controlfield tag="005">20161230201026</controlfield><controlfield tag="008">060222s1000------------r-----000-0-eng-d</controlfield><datafield ind1=" " ind2=" " tag="100"><subfield code="a">Cueilleron, Jean</subfield></datafield><datafield ind1=" " ind2=" " tag="245"><subfield code="a">Histoire de la chimie</subfield></datafield><datafield ind1=" " ind2=" " tag="260"><subfield code="a">Paris, Presses Universitaires De France, 1957</subfield></datafield><datafield ind1=" " ind2=" " tag="490"><subfield code="a">Que Sais-je?</subfield></datafield></record></collection>